<record><leader>00000cas a22000007a 4500</leader><controlfield tag="001">19106360</controlfield><controlfield tag="008">890206d18851885iaudr n       0    0eng d</controlfield><datafield ind1=" " ind2=" " tag="010"><subfield code="a">sn 89057000 </subfield></datafield><datafield ind1=" " ind2=" " tag="040"><subfield code="a">INP</subfield><subfield code="b">eng</subfield><subfield code="c">INP</subfield><subfield code="d">OCLCQ</subfield></datafield><datafield ind1=" " ind2=" " tag="042"><subfield code="a">msc</subfield></datafield><datafield ind1="0" ind2=" " tag="130"><subfield code="a">Storm Lake pilot (Storm Lake, Iowa : 1885)</subfield></datafield><datafield ind1="1" ind2="0" tag="245"><subfield code="a">Storm Lake pilot.</subfield></datafield><datafield ind1=" " ind2=" " tag="250"><subfield code="a">Daily ed.</subfield></datafield><datafield ind1=" " ind2=" " tag="260"><subfield code="a">[Storm Lake, Iowa :</subfield><subfield code="b">s.n.],</subfield><subfield code="c">1885.</subfield></datafield><datafield ind1=" " ind2=" " tag="300"><subfield code="a">1 v.</subfield></datafield><datafield ind1=" " ind2=" " tag="310"><subfield code="a">Daily</subfield></datafield><datafield ind1="0" ind2=" " tag="362"><subfield code="a">Vol. 1, no. 14 (Aug. 31, 1885)-v. 1, no. 19 (Sept. 5, 1885).</subfield></datafield><datafield ind1=" " ind2=" " tag="500"><subfield code="a">Editor: A.C. Newton.</subfield></datafield><datafield ind1=" " ind2=" " tag="752"><subfield code="a">United States</subfield><subfield code="b">Iowa</subfield><subfield code="c">Buena Vista</subfield><subfield code="d">Storm Lake.</subfield></datafield><datafield ind1="0" ind2=" " tag="775"><subfield code="t">Storm Lake pilot (Storm Lake, Iowa : 1870)</subfield><subfield code="w">(DLC)sn 84027368</subfield></datafield><datafield ind1="1" ind2=" " tag="029"><subfield code="a">AU@</subfield><subfield code="b">000025904955</subfield></datafield></record>